@book{sarkka2019sde,
  title={Applied stochastic differential equations},
  author={S{\"a}rkk{\"a}, Simo and Solin, Arno},
  volume={10},
  year={2019},
  publisher={Cambridge University Press}
}
@book{percival2020spectral,
  title={Spectral Analysis for Univariate Time Series},
  author={Percival, Donald B and Walden, Andrew T},
  volume={51},
  year={2020},
  publisher={Cambridge University Press}
}
@inproceedings{stankovic2017power,
  title={Hybrid power system state estimation with irregular sampling},
  author={Stankovi{\'c}, Aleksandar M and {\v{S}}venda, Vanja and Sari{\'c}, Andrija T and Transtrum, Mark K},
  booktitle={2017 IEEE Power \& Energy Society General Meeting},
  pages={1--5},
  year={2017},
  organization={IEEE}
}
@article{damaschke2018ldaspectra,
  title={A fair review of non-parametric bias-free autocorrelation and spectral methods for randomly sampled data in laser Doppler velocimetry},
  author={Damaschke, Nils and K{\"u}hn, Volker and Nobach, Holger},
  journal={Digital Signal Processing},
  volume={76},
  pages={22--33},
  year={2018},
  publisher={Elsevier}
}
@article{tewari201production,
  title={Enhanced production surveillance using probabilistic dynamic models},
  author={Tewari, Ashutosh and de Waele, Stijn and Subrahmanya, Niranjan},
  journal={International Journal of Prognostic Health Management},
  volume={9},
  number={1},
  pages={1--12},
  year={2018}
}
@article{khan2017exoplanets,
  title={Discovering New Worlds: A review of signal processing methods for detecting exoplanets from astronomical radial velocity data [Applications Corner]},
  author={Khan, Muhammad Salman and Jenkins, James and Yoma, Nestor Becerra},
  journal={IEEE Signal Processing Magazine},
  volume={34},
  number={1},
  pages={104--115},
  year={2017},
  publisher={IEEE}
}
@article{thirumalai2020climate,
  title={Methane, Monsoons, and Modulation of Millennial-Scale Climate},
  author={Thirumalai, Kaustubh and Clemens, Steven C and Partin, Judson W},
  journal={Geophysical Research Letters},
  volume={47},
  number={9},
  pages={e2020GL087613},
  year={2020},
  publisher={Wiley Online Library}
}
@inproceedings{tan2020medical,
  title={DATA-GRU: Dual-Attention Time-Aware Gated Recurrent Unit for Irregular Multivariate Time Series},
  author={Tan, Qingxiong and Ye, Mang and Yang, Baoyao and Liu, Siqi and Ma, Andy Jinhua and Yip, Terry Cheuk-Fung and Wong, Grace Lai-Hung and Yuen, PongChi},
  booktitle={Proceedings of the AAAI Conference on Artificial Intelligence},
  volume={34},
  number={01},
  pages={930--937},
  year={2020}
}
@article{barbieri2020icureadmission,
  title={Benchmarking Deep Learning Architectures for predicting Readmission to the icU and Describing patients-at-Risk},
  author={Barbieri, Sebastiano and Kemp, James and Perez-Concha, Oscar and Kotwal, Sradha and Gallagher, Martin and Ritchie, Angus and Jorm, Louisa},
  journal={Scientific reports},
  volume={10},
  number={1},
  pages={1--10},
  year={2020},
  publisher={Nature Publishing Group}
}
@article{ghahramani2015bayesianopt,
  title={Probabilistic machine learning and artificial intelligence},
  author={Ghahramani, Zoubin},
  journal={Nature},
  volume={521},
  number={7553},
  pages={452--459},
  year={2015},
  publisher={Nature Publishing Group}
}
@article{shapiro1960aliasfree,
  title={Alias-free sampling of random noise},
  author={Shapiro, Harold S and Silverman, Richard A},
  journal={Journal of the Society for Industrial and Applied Mathematics},
  volume={8},
  number={2},
  pages={225--248},
  year={1960},
  publisher={SIAM}
}
@article{turunctur2019compressive,
  title={Compressive sensing, compressive inversion? Investigating the potential of sparsity-promoting schemes for geophysical inverse problems},
  author={Turunctur, Buse and Valentine, Andrew P and Sambridge, Malcolm},
  journal={AGUFM},
  volume={2019},
  pages={S53D--0486},
  year={2019}
}
@article{broersen2007beyondrate,
  title={Time series models for spectral analysis of irregular data far beyond the mean data rate},
  author={Broersen, Piet MT},
  journal={Measurement Science and Technology},
  volume={19},
  number={1},
  pages={015103},
  year={2007},
  publisher={IOP Publishing}
}
@article{broersen2009spurious,
  title={The removal of spurious spectral peaks from autoregressive models for irregularly sampled data},
  author={Broersen, Piet MT},
  journal={IEEE Transactions on instrumentation and measurement},
  volume={59},
  number={1},
  pages={205--214},
  year={2009},
  publisher={IEEE}
}
@article{springford2020lombscargle,
  title={Improving the Lomb--Scargle Periodogram with the Thomson Multitaper},
  author={Springford, Aaron and Eadie, Gwendolyn M and Thomson, David J},
  journal={The Astronomical Journal},
  volume={159},
  number={5},
  pages={205},
  year={2020},
  publisher={IOP Publishing}
}
@article{soderstrom1991contarma,
  title={Computing stochastic continuous-time models from ARMA models},
  author={S{\"o}derstrom, Torsten},
  journal={International Journal of Control},
  volume={53},
  number={6},
  pages={1311--1326},
  year={1991},
  publisher={Taylor \& Francis}
}
@article{kelly2014astronomy,
  title={Flexible and scalable methods for quantifying stochastic variability in the era of massive time-domain astronomical data sets},
  author={Kelly, Brandon C and Becker, Andrew C and Sobolewska, Malgosia and Siemiginowska, Aneta and Uttley, Phil},
  journal={The Astrophysical Journal},
  volume={788},
  number={1},
  pages={33},
  year={2014},
  publisher={IOP Publishing}
}
@article{rehfeld2011comparison,
  title={Comparison of correlation analysis techniques for irregularly sampled time series},
  author={Rehfeld, Kira and Marwan, Norbert and Heitzig, Jobst and Kurths, J{\"u}rgen},
  journal={Nonlinear Processes in Geophysics},
  volume={18},
  number={3},
  pages={389--404},
  year={2011},
  publisher={COPERNICUS GESELLSCHAFT MBH}
}
@inproceedings{chen2018neuralode,
  title={Neural ordinary differential equations},
  author={Chen, Tian Qi and Rubanova, Yulia and Bettencourt, Jesse and Duvenaud, David K},
  booktitle={Advances in neural information processing systems},
  pages={6571--6583},
  year={2018}
}
@incollection{jones1981fitcar,
  title={Fitting a continuous time autoregression to discrete data},
  author={Jones, Richard H},
  booktitle={Applied time series analysis II},
  pages={651--682},
  year={1981},
  publisher={Elsevier}
}
@article{broersen2006sensitive-init,
  title={Estimating time-series models from irregularly spaced data},
  author={Broersen, Piet MT and Bos, Robert},
  journal={IEEE transactions on instrumentation and measurement},
  volume={55},
  number={4},
  pages={1124--1131},
  year={2006},
  publisher={IEEE}
}
@incollection{jones1984sensitive-init,
  title={Fitting multivariate models to unequally spaced data},
  author={Jones, Richard H},
  booktitle={Time series analysis of irregularly observed data},
  pages={158--188},
  year={1984},
  publisher={Springer}
}
@article{paszke2017pytorch-autodiff,
  title={Automatic differentiation in pytorch},
  author={Paszke, Adam and Gross, Sam and Chintala, Soumith and Chanan, Gregory and Yang, Edward and DeVito, Zachary and Lin, Zeming and Desmaison, Alban and Antiga, Luca and Lerer, Adam},
  year={2017}
}
@article{carpenter2015stan-autodiff,
  title={The Stan math library: Reverse-mode automatic differentiation in C++},
  author={Carpenter, Bob and Hoffman, Matthew D and Brubaker, Marcus and Lee, Daniel and Li, Peter and Betancourt, Michael},
  journal={arXiv preprint arXiv:1509.07164},
  year={2015}
}
@book{nocedal2006optimization,
  title={Numerical optimization},
  author={Nocedal, Jorge and Wright, Stephen},
  year={2006},
  publisher={Springer Science \& Business Media}
}
@online{mattuck2011diffeq-stability,
  author = {Mattuck, Arthur and Miller, Haynes and Orloff,Jeremy and Lewis,John},
  year = {2011},
  month = {Fall},
  title = {18.03SC Differential Equations},
  url = {https://ocw.mit.edu},
  organization = {Massachusetts Institute of Technology: MIT OpenCourseWare},
  addendum = {License: Creative Commons BY-NC-SA}
}
@book{broersen2006automatic,
  title={Automatic autocorrelation and spectral analysis},
  author={Broersen, Petrus MT},
  year={2006},
  publisher={Springer Science \& Business Media}
}
@book{goodfellow2016deep,
  title={Deep learning},
  author={Goodfellow, Ian and Bengio, Yoshua and Courville, Aaron},
  year={2016},
  publisher={MIT press}
}
@article{innes2019zygote,
  title={Zygote: A differentiable programming system to bridge machine learning and scientific computing},
  author={Innes, Mike and Edelman, Alan and Fischer, Keno and Rackauckus, Chris and Saba, Elliot and Shah, Viral B and Tebbutt, Will},
  journal={arXiv preprint arXiv:1907.07587},
  year={2019}
}
@article{mogensen2018optim,
  title={Optim: A mathematical optimization package for Julia},
  author={Mogensen, Patrick Kofod and Riseth, Asbj{\o}rn Nilsen},
  journal={Journal of Open Source Software},
  volume={3},
  number={24},
  year={2018},
  publisher={Open Journals}
}
@article{rackauckas2019diffeqflux,
  title={Diffeqflux. jl-A julia library for neural differential equations},
  author={Rackauckas, Chris and Innes, Mike and Ma, Yingbo and Bettencourt, Jesse and White, Lyndon and Dixit, Vaibhav},
  journal={arXiv preprint arXiv:1902.02376},
  year={2019}
}
@article{branvcik2008expadjoint,
  title={Matlab programs for matrix exponential function derivative evaluation},
  author={Bran{\v{c}}{\'\i}k, Lubom{\'\i}r},
  journal={Proc. of Technical Computing Prague 2008},
  pages={17--24},
  year={2008}
}
@inproceedings{rasmussen2003gaussian,
  title={Gaussian processes in machine learning},
  author={Rasmussen, Carl Edward},
  booktitle={Summer School on Machine Learning},
  pages={63--71},
  year={2003},
  organization={Springer}
}
@book{priestley1981spectral,
  title={Spectral analysis and time series: probability and mathematical statistics},
  author={Priestley, Maurice Bertram},
  number={04; QA280, P7.},
  year={1981}
}
@article{bos2002autoregressive,
  title={Autoregressive spectral estimation by application of the Burg algorithm to irregularly sampled data},
  author={Bos, Robert and De Waele, Stijn and Broersen, Piet MT},
  journal={IEEE Transactions on Instrumentation and Measurement},
  volume={51},
  number={6},
  pages={1289--1294},
  year={2002},
  publisher={IEEE}
}

@Article{sinha2015trends,
  Title                    = {Trends and oscillations in the Indian summer monsoon rainfall over the last two millennia},
  Author                   = {Sinha, A. and Kathayat, G. and Cheng, H. and others},
  Journal                  = {Nature communications},
  Year                     = {2015},
  Volume                   = {6},
  Publisher                = {Nature Publishing Group},
}

@Article{petit1999climate,
  Title                    = {Climate and atmospheric history of the past 420,000 years from the Vostok ice core, Antarctica},
  Author                   = {Petit, J.-R. and Jouzel, J. and Raynaud, D. and Barkov, N. I. and others},
  Journal                  = {Nature},
  Year                     = {1999},
  Number                   = {6735},
  Pages                    = {429--436},
  Volume                   = {399},

  Owner                    = {sdwaele},
  Publisher                = {Nature Publishing Group},
  Timestamp                = {2017.01.14}
}
@article{carpenter2017stan,
  title={Stan: A probabilistic programming language},
  author={Carpenter, Bob and Gelman, Andrew and Hoffman, Matthew D and Lee, Daniel and Goodrich, Ben and Betancourt, Michael and Brubaker, Marcus and Guo, Jiqiang and Li, Peter and Riddell, Allen},
  journal={Journal of statistical software},
  volume={76},
  number={1},
  year={2017},
  publisher={Columbia Univ., New York, NY (United States); Harvard Univ., Cambridge, MA~…}
}
@article{dewaele2018kernel,
  title={Accurate Kernel Learning for Linear Gaussian Markov Processes using a Scalable Likelihood Computation},
  author={de Waele, Stijn},
  journal={arXiv preprint arXiv:1805.07346},
  year={2018}
}
